%YAML 1.1
%TAG !u! tag:unity3d.com,2011:
--- !u!1 &4130853356386990786
GameObject:
  m_ObjectHideFlags: 0
  m_CorrespondingSourceObject: {fileID: 0}
  m_PrefabInstance: {fileID: 0}
  m_PrefabAsset: {fileID: 0}
  serializedVersion: 6
  m_Component:
  - component: {fileID: 7316844629999834503}
  - component: {fileID: 1424171112100528004}
  - component: {fileID: 332878987207545813}
  - component: {fileID: 6277780367197274435}
  m_Layer: 0
  m_Name: head
  m_TagString: Untagged
  m_Icon: {fileID: 0}
  m_NavMeshLayer: 0
  m_StaticEditorFlags: 0
  m_IsActive: 1
--- !u!4 &7316844629999834503
Transform:
  m_ObjectHideFlags: 0
  m_CorrespondingSourceObject: {fileID: 0}
  m_PrefabInstance: {fileID: 0}
  m_PrefabAsset: {fileID: 0}
  m_GameObject: {fileID: 4130853356386990786}
  m_LocalRotation: {x: 0.7071068, y: -0, z: -0, w: 0.7071068}
  m_LocalPosition: {x: 0.058889866, y: 0.04703796, z: 0.345232}
  m_LocalScale: {x: 0.05, y: 0.050000004, z: 0.050000004}
  m_ConstrainProportionsScale: 0
  m_Children: []
  m_Father: {fileID: 6357411076539378012}
  m_RootOrder: 1
  m_LocalEulerAnglesHint: {x: 90, y: 0, z: 0}
--- !u!33 &1424171112100528004
MeshFilter:
  m_ObjectHideFlags: 0
  m_CorrespondingSourceObject: {fileID: 0}
  m_PrefabInstance: {fileID: 0}
  m_PrefabAsset: {fileID: 0}
  m_GameObject: {fileID: 4130853356386990786}
  m_Mesh: {fileID: 10208, guid: 0000000000000000e000000000000000, type: 0}
--- !u!23 &332878987207545813
MeshRenderer:
  m_ObjectHideFlags: 0
  m_CorrespondingSourceObject: {fileID: 0}
  m_PrefabInstance: {fileID: 0}
  m_PrefabAsset: {fileID: 0}
  m_GameObject: {fileID: 4130853356386990786}
  m_Enabled: 1
  m_CastShadows: 1
  m_ReceiveShadows: 1
  m_DynamicOccludee: 1
  m_StaticShadowCaster: 0
  m_MotionVectors: 1
  m_LightProbeUsage: 1
  m_ReflectionProbeUsage: 1
  m_RayTracingMode: 2
  m_RayTraceProcedural: 0
  m_RenderingLayerMask: 1
  m_RendererPriority: 0
  m_Materials:
  - {fileID: 10303, guid: 0000000000000000f000000000000000, type: 0}
  m_StaticBatchInfo:
    firstSubMesh: 0
    subMeshCount: 0
  m_StaticBatchRoot: {fileID: 0}
  m_ProbeAnchor: {fileID: 0}
  m_LightProbeVolumeOverride: {fileID: 0}
  m_ScaleInLightmap: 1
  m_ReceiveGI: 1
  m_PreserveUVs: 0
  m_IgnoreNormalsForChartDetection: 0
  m_ImportantGI: 0
  m_StitchLightmapSeams: 1
  m_SelectedEditorRenderState: 3
  m_MinimumChartSize: 4
  m_AutoUVMaxDistance: 0.5
  m_AutoUVMaxAngle: 89
  m_LightmapParameters: {fileID: 0}
  m_SortingLayerID: 0
  m_SortingLayer: 0
  m_SortingOrder: 0
  m_AdditionalVertexStreams: {fileID: 0}
--- !u!136 &6277780367197274435
CapsuleCollider:
  m_ObjectHideFlags: 0
  m_CorrespondingSourceObject: {fileID: 0}
  m_PrefabInstance: {fileID: 0}
  m_PrefabAsset: {fileID: 0}
  m_GameObject: {fileID: 4130853356386990786}
  m_Material: {fileID: 0}
  m_IsTrigger: 0
  m_Enabled: 1
  m_Radius: 0.5
  m_Height: 2
  m_Direction: 1
  m_Center: {x: 0, y: 0, z: 0}
--- !u!1 &5399309303327814847
GameObject:
  m_ObjectHideFlags: 0
  m_CorrespondingSourceObject: {fileID: 0}
  m_PrefabInstance: {fileID: 0}
  m_PrefabAsset: {fileID: 0}
  serializedVersion: 6
  m_Component:
  - component: {fileID: 6357411076539378012}
  - component: {fileID: 6273391630369977121}
  m_Layer: 0
  m_Name: arrow1
  m_TagString: Untagged
  m_Icon: {fileID: 0}
  m_NavMeshLayer: 0
  m_StaticEditorFlags: 0
  m_IsActive: 1
--- !u!4 &6357411076539378012
Transform:
  m_ObjectHideFlags: 0
  m_CorrespondingSourceObject: {fileID: 0}
  m_PrefabInstance: {fileID: 0}
  m_PrefabAsset: {fileID: 0}
  m_GameObject: {fileID: 5399309303327814847}
  m_LocalRotation: {x: 0, y: 0, z: 0, w: 1}
  m_LocalPosition: {x: -7.57889, y: -0.04703796, z: -10}
  m_LocalScale: {x: 1, y: 1, z: 1}
  m_ConstrainProportionsScale: 0
  m_Children:
  - {fileID: 3420804850817712962}
  - {fileID: 7316844629999834503}
  m_Father: {fileID: 0}
  m_RootOrder: 0
  m_LocalEulerAnglesHint: {x: 0, y: 0, z: 0}
--- !u!54 &6273391630369977121
Rigidbody:
  m_ObjectHideFlags: 0
  m_CorrespondingSourceObject: {fileID: 0}
  m_PrefabInstance: {fileID: 0}
  m_PrefabAsset: {fileID: 0}
  m_GameObject: {fileID: 5399309303327814847}
  serializedVersion: 2
  m_Mass: 1
  m_Drag: 0
  m_AngularDrag: 0.05
  m_UseGravity: 1
  m_IsKinematic: 0
  m_Interpolate: 0
  m_Constraints: 0
  m_CollisionDetection: 2
--- !u!1001 &2356275414647433435
PrefabInstance:
  m_ObjectHideFlags: 0
  serializedVersion: 2
  m_Modification:
    m_TransformParent: {fileID: 6357411076539378012}
    m_Modifications:
    - target: {fileID: 1137739320575145913, guid: 0674b5950e1a34e42af40834b34fb5d6, type: 3}
      propertyPath: m_Name
      value: arrow
      objectReference: {fileID: 0}
    - target: {fileID: 1137739320575634329, guid: 0674b5950e1a34e42af40834b34fb5d6, type: 3}
      propertyPath: m_RootOrder
      value: 0
      objectReference: {fileID: 0}
    - target: {fileID: 1137739320575634329, guid: 0674b5950e1a34e42af40834b34fb5d6, type: 3}
      propertyPath: m_LocalPosition.x
      value: 0.06888962
      objectReference: {fileID: 0}
    - target: {fileID: 1137739320575634329, guid: 0674b5950e1a34e42af40834b34fb5d6, type: 3}
      propertyPath: m_LocalPosition.y
      value: 0.04703796
      objectReference: {fileID: 0}
    - target: {fileID: 1137739320575634329, guid: 0674b5950e1a34e42af40834b34fb5d6, type: 3}
      propertyPath: m_LocalPosition.z
      value: -0.78476715
      objectReference: {fileID: 0}
    - target: {fileID: 1137739320575634329, guid: 0674b5950e1a34e42af40834b34fb5d6, type: 3}
      propertyPath: m_LocalRotation.w
      value: 0.5
      objectReference: {fileID: 0}
    - target: {fileID: 1137739320575634329, guid: 0674b5950e1a34e42af40834b34fb5d6, type: 3}
      propertyPath: m_LocalRotation.x
      value: -0.5
      objectReference: {fileID: 0}
    - target: {fileID: 1137739320575634329, guid: 0674b5950e1a34e42af40834b34fb5d6, type: 3}
      propertyPath: m_LocalRotation.y
      value: 0.5
      objectReference: {fileID: 0}
    - target: {fileID: 1137739320575634329, guid: 0674b5950e1a34e42af40834b34fb5d6, type: 3}
      propertyPath: m_LocalRotation.z
      value: 0.5
      objectReference: {fileID: 0}
    - target: {fileID: 1137739320575634329, guid: 0674b5950e1a34e42af40834b34fb5d6, type: 3}
      propertyPath: m_LocalEulerAnglesHint.x
      value: -90
      objectReference: {fileID: 0}
    - target: {fileID: 1137739320575634329, guid: 0674b5950e1a34e42af40834b34fb5d6, type: 3}
      propertyPath: m_LocalEulerAnglesHint.y
      value: 90
      objectReference: {fileID: 0}
    - target: {fileID: 1137739320575634329, guid: 0674b5950e1a34e42af40834b34fb5d6, type: 3}
      propertyPath: m_LocalEulerAnglesHint.z
      value: 0
      objectReference: {fileID: 0}
    m_RemovedComponents:
    - {fileID: 7783036384370183080, guid: 0674b5950e1a34e42af40834b34fb5d6, type: 3}
    - {fileID: -324275247475271330, guid: 0674b5950e1a34e42af40834b34fb5d6, type: 3}
  m_SourcePrefab: {fileID: 100100000, guid: 0674b5950e1a34e42af40834b34fb5d6, type: 3}
--- !u!4 &3420804850817712962 stripped
Transform:
  m_CorrespondingSourceObject: {fileID: 1137739320575634329, guid: 0674b5950e1a34e42af40834b34fb5d6, type: 3}
  m_PrefabInstance: {fileID: 2356275414647433435}
  m_PrefabAsset: {fileID: 0}
